@book{abb,
 title = {Flatland},
 author = {E.A. Abbott},
 edition = 7,
 annote = {Classic tale about a creature living in a 2-dimensional world who encounters a higher-dimensional
           creature, with lots of humor thrown in.},
 publisher = {Dover Publications, Inc.},
 year = 1952,
 address = {New York}
}

@book{ar,
 title = {Elementary Linear Algebra: Applications Version},
 author = {H. Anton and C. Rorres},
 edition = 8,
 annote = {Standard treatment of elementary linear algebra.},
 publisher = {John Wiley \& Sons},
 year = 2000,
 address = {New York}
}

@book{arn,
 title = {Mathematical Methods of Classical Mechanics},
 author = {V.I. Arnold},
 edition = {},
 publisher = {Springer-Verlag},
 year = 1978,
 address = {New York}
}

@book{bow,
 title = {Introduction to Elliptic Functions, with Applications},
 author = {F. Bowman},
 edition = {},
 publisher = {Dover},
 year = 1961,
 address = {New York}
}

@book{bss,
 title = {Nonlinear Programming: Theory and Algorithms},
 author = {M.S. Bazaraa and H.D. Sherali and C.M. Shetty},
 edition = 2,
 annote = {Thorough treatment of nonlinear optimization.},
 publisher = {John Wiley \& Sons},
 year = 1993,
 address = {New York}
}

@book{cm,
 title = {A Mathematical Introduction to Fluid Mechanics},
 author = {A.J. Chorin and J.E. Marsden},
 edition = {},
 publisher = {Springer-Verlag},
 year = 1979,
 address = {New York}
}

@book{euc,
 title = {Euclid's Elements},
 author = {Euclid, translated by T.L. Heath},
 edition = {},
 publisher = {Green Lion Press},
 year = 2002,
 address = {Santa Fe, NM}
}

@book{far,
 title = {Curves and Surfaces for Computer Aided Geometric Design: A Practical Guide},
 author = {G. Farin},
 edition = 2,
 annote = {An intermediate-level book on curve and surface design.},
 publisher = {Academic Press},
 year = 1990,
 address = {San Diego, CA}
}

@book{hec,
 title = {Optics},
 author = {E. Hecht},
 edition = 2,
 annote = {An intermediate-level book on optics, covering a wide range of topics.},
 publisher = {Addison-Wesley Publishing Co.},
 year = 1987,
 address = {Reading, MA}
}

@book{hps,
 title = {Introduction to Probability Theory},
 author = {P.G. Hoel and S.C. Port and C.J. Stone},
 edition = {},
 annote = {An excellent introduction to elementary, calculus-based probability theory. Lots of good exercises.},
 publisher = {Houghton Mifflin Co.},
 year = 1971,
 address = {Boston, MA}
}

@book{hr,
 title = {Physics: Parts 1\&2 Combined},
 author = {D. Halliday and R. Resnick},
 edition = 3,
 publisher = {John Wiley \& Sons},
 year = 1978,
 address = {New York}
}

@book{jac,
 title = {Classical Electrodynamics},
 author = {J.D. Jackson},
 edition = 2,
 annote = {An advanced book on electromagnetism, famous for being intimidating. Most of the mathematics
 will be understandable after reading the present book.},
 publisher = {John Wiley \& Sons},
 year = 1975,
 address = {New York}
}

@book{kam,
 title = {Theory of Sets},
 author = {E. Kamke},
 edition = {},
 publisher = {Dover},
 year = 1950,
 address = {New York}
}

@book{kui,
 title = {Quaternions and Rotation Sequences},
 author = {J.B. Kuipers},
 edition = {},
 publisher = {Princeton University Press},
 year = 1999,
 address = {Princeton, NJ}
}

@book{mar,
 title = {Classical Dynamics of Particles and Systems},
 author = {J.B. Marion},
 edition = 2,
 annote = {Standard intermediate-level treatment of classical mechanics. Very thorough.},
 publisher = {Academic Press},
 year = 1970,
 address = {New York}
}

@book{mtw,
 title = {Gravitation},
 author = {C.W Misner and K.S. Thorne and J.A. Wheeler},
 edition = {},
 publisher = {W.H. Freeman \& Co.},
 year = 1973,
 address = {New York}
}

@book{one,
 title = {Elementary Differential Geometry},
 author = {B. O'Neill},
 edition = {},
 annote = {Intermediate-level book on differential geometry, with a modern approach based on
           differential forms.},
 publisher = {Academic Press},
 year = 1966,
 address = {New York}
}

@book{pc,
 title = {Quantum Mechanics},
 author = {J.L. Powell and B. Crasemann},
 edition = {},
 publisher = {Addison-Wesley Publishing Co.},
 year = 1961,
 address = {Reading, MA}
}

@book{pm,
 title = {Analytic Geometry},
 author = {M.H. Protter and C.B. Morrey},
 edition = 2,
 annote = {Thorough treatment of elementary analytic geometry, with a rigor not found in most recent books.},
 publisher = {Addison-Wesley Publishing Co.},
 year = 1975,
 address = {Reading, MA}
}

@book{pog,
 title = {Analytical Geometry},
 author = {A.V. Pogorelov},
 edition = {},
 annote = {An intermediate/advanced book on analytic geometry.},
 publisher = {Mir Publishers},
 year = 1980,
 address = {Moscow}
}

@book{ptvf,
 title = {Numerical Recipes in FORTRAN: The Art of Scientif\mbox{}ic Computing},
 author = {W.H. Press and S.A. Teukolsky\symbol{44} W.T. Vetterling and B.P. Flannery},
 shortauthor = {Press},
 edition = {2},
 annote = {An excellent source of information on numerical methods for solving a wide variety of problems.
  Though all the examples are in the \texttt{FORTRAN} programming language, the code is clear enough to implement in
  the language of your choice.},
 publisher = {Cambridge University Press},
 year = 1992,
 address = {Cambridge, UK}
}

@book{rr,
 title = {A First Course in Numerical Analysis},
 author = {A. Ralston and P. Rabinowitz},
 edition = 2,
 annote = {Standard treatment of elementary numerical analysis.},
 publisher = {McGraw-Hill},
 year = 1978,
 address = {New York}
}

@book{rmc,
 title = {Foundations of Electromagnetic Theory},
 author = {J.R. Reitz and F.J. Milford and R.W. Christy},
 edition = 3,
 annote = {Intermediate text on electromagnetism.},
 publisher = {Addison-Wesley Publishing Co.},
 year = 1979,
 address = {Reading, MA}
}

@book{rud,
 title = {Principles of Mathematical Analysis},
 author = {W. Rudin},
 edition = 3,
 publisher = {McGraw-Hill},
 year = 1976,
 address = {New York}
}

@book{sch,
 title = {Div, Grad, Curl, and All That: An Informal Text on Vector Calculus},
 author = {H.M. Schey},
 edition = {},
 annote = {Very intuitive approach to the subject, from a physicist's viewpoint. Highly recommended.},
 publisher = {W.W. Norton \& Co.},
 year = 1973,
 address = {New York}
}

@book{ste,
 title = {Calculus},
 author = {J. Stewart},
 edition = {3},
 publisher = {Brooks/Cole Publishing Co.},
 year = 1995,
 address = {Pacific Grove, CA}
}

@book{tm,
 title = {Advanced Calculus},
 author = {A.E. Taylor and W.R. Mann},
 edition = 2,
 annote = {Excellent treatment of {$n$}-dimensional calculus. A good book to study after the present book. Many
           intriguing exercises.},
 publisher = {John Wiley \& Sons},
 year = 1972,
 address = {New York}
}

@book{usp,
 title = {Theory of Equations},
 author = {J.V. Uspensky},
 edition = {},
 annote = {A classic on the subject, discussing many interesting topics.},
 publisher = {McGraw-Hill},
 year = 1948,
 address = {New York}
}

@book{wei,
 title = {A First Course in Partial Differential Equations},
 author = {H.F. Weinberger},
 edition = {},
 annote = {A good introduction to the vast subject of partial differential equations.},
 publisher = {John Wiley \& Sons},
 year = 1965,
 address = {New York}
}

@book{wk,
 title = {Solid Geometry},
 author = {A.M. Welchons and W.R. Krickenberger},
 edition = {},
 annote = {A very thorough treatment of 3-dimensional geometry from an elementary perspective, includes many topics
           which (sadly) do not seem to be taught anymore.},
 publisher = {Ginn \& Co.},
 year = 1936,
 address = {Boston, MA}
}
